<record><leader>00000cas a22000007a 4500</leader><controlfield tag="001">9840322</controlfield><controlfield tag="008">830824d18931896ksuwr ne      0    0eng d</controlfield><controlfield tag="009">3789</controlfield><datafield ind1=" " ind2=" " tag="010"><subfield code="a">sn 83040504 </subfield></datafield><datafield ind1=" " ind2=" " tag="040"><subfield code="a">KSH</subfield><subfield code="b">eng</subfield><subfield code="c">KSH</subfield><subfield code="d">NPT</subfield></datafield><datafield ind1="1" ind2=" " tag="029"><subfield code="a">AU@</subfield><subfield code="b">000025798379</subfield></datafield><datafield ind1=" " ind2=" " tag="042"><subfield code="a">msc</subfield></datafield><datafield ind1=" " ind2=" " tag="043"><subfield code="a">n-us-ks</subfield></datafield><datafield ind1="0" ind2=" " tag="130"><subfield code="a">Weekly herald (Whitewater, Kan.)</subfield></datafield><datafield ind1="0" ind2="4" tag="245"><subfield code="a">The weekly herald.</subfield></datafield><datafield ind1=" " ind2=" " tag="260"><subfield code="a">Whitewater, Kan. :</subfield><subfield code="b">E. Davis, Jr.,</subfield><subfield code="c">1893-1896.</subfield></datafield><datafield ind1=" " ind2=" " tag="300"><subfield code="a">4 v. :</subfield><subfield code="b">ill. (chiefly advertisements) ;</subfield><subfield code="c">54-60 cm.</subfield></datafield><datafield ind1=" " ind2=" " tag="310"><subfield code="a">Weekly</subfield></datafield><datafield ind1="0" ind2=" " tag="362"><subfield code="a">Vol. 9, no. 17 (June 22, 1893)-v. 12, no. 31 (Oct. 1, 1896).</subfield></datafield><datafield ind1=" " ind2=" " tag="500"><subfield code="a">Published on Thursday.</subfield></datafield><datafield ind1=" " ind2=" " tag="500"><subfield code="a">Editor: E. Davis, Jr.</subfield></datafield><datafield ind1=" " ind2=" " tag="752"><subfield code="a">United States</subfield><subfield code="b">Kansas</subfield><subfield code="c">Butler</subfield><subfield code="d">Whitewater.</subfield></datafield><datafield ind1="0" ind2="0" tag="780"><subfield code="t">Herald (Towanda, Kan.)</subfield><subfield code="w">(DLC)sn 83040502</subfield></datafield><datafield ind1="0" ind2="5" tag="780"><subfield code="t">Peabody weekly republican</subfield><subfield code="g">Jan. 1896</subfield><subfield code="w">(DLC)sn 85031041</subfield></datafield><datafield ind1="0" ind2="0" tag="785"><subfield code="t">El Dorado democrat (El Dorado, Kan. : 1896)</subfield><subfield code="w">(DLC)sn 83040493</subfield></datafield></record>